<?xml version="1.0" encoding="UTF-8"?><collection><record><leader>08144ntm a2200577 a 4500</leader><controlfield tag="001">006305563</controlfield><controlfield tag="003">MiAaHDL</controlfield><controlfield tag="005">20190719000000.0</controlfield><controlfield tag="006">m        d        </controlfield><controlfield tag="007">cr bn ---auaua</controlfield><controlfield tag="008">090417q14011402xx            00| ||ara d</controlfield><datafield tag="035" ind1=" " ind2=" "><subfield code="a">(MiU)006305563</subfield></datafield><datafield tag="035" ind1=" " ind2=" "><subfield code="a">sdr-miu006305563</subfield></datafield><datafield tag="040" ind1=" " ind2=" "><subfield code="a">MiU</subfield><subfield code="c">MiU</subfield><subfield code="e">amremm</subfield></datafield><datafield tag="043" ind1=" " ind2=" "><subfield code="a">n-us-mi</subfield></datafield><datafield tag="100" ind1="1" ind2=" "><subfield code="6">880-01</subfield><subfield code="a">Mawṣilī, ʻAbd Allāh ibn Maḥmūd,</subfield><subfield code="d">1202 or 1203-1284.</subfield></datafield><datafield tag="245" ind1="1" ind2="3"><subfield code="6">880-02</subfield><subfield code="a">al-Mukhtār lil-fatwá,</subfield><subfield code="f">[804, i.e. 1401 or 1402].</subfield></datafield><datafield tag="246" ind1="3" ind2=" "><subfield code="6">880-03</subfield><subfield code="i">Title from inscription on verso of front flyleaf:</subfield><subfield code="a">Kitāb al-Mukhtār</subfield></datafield><datafield tag="260" ind1=" " ind2=" "><subfield code="c">[1401 or 1402]</subfield></datafield><datafield tag="300" ind1=" " ind2=" "><subfield code="a">109 leaves :</subfield><subfield code="b">paper ;</subfield><subfield code="c">237 x 150 (151 x 90) bound to 237 x 160 mm.</subfield></datafield><datafield tag="500" ind1=" " ind2=" "><subfield code="a">Shelfmark: Ann Arbor, University of Michigan, Special Collections Library, Isl. Ms. 78</subfield></datafield><datafield tag="500" ind1=" " ind2=" "><subfield code="a">Origin: As appears in colophon on p.224, copied by ʻAlī ibn Khalīl ibn Amīn ibn Zakarīyā ibn ʻĪsá ibn Farrā Sulaymān [?] in the year 804 [1401 or 1402].</subfield></datafield><datafield tag="500" ind1=" " ind2=" "><subfield code="a">Accompanying materials: Two inserted slips, both included in pagination, one folded piece containing calligraphy practice in black ink (p.10), the other a folded blank insert (pp.87-88) ; between pp.82-83, (not paginated) a slip with text in black ink, piece of marginalia from top left of p.175.</subfield></datafield><datafield tag="500" ind1=" " ind2=" "><subfield code="a">Former shelfmark: British Museum, London "No. 114. Al-Mukhtar li 'l-fatwa."</subfield></datafield><datafield tag="500" ind1=" " ind2=" "><subfield code="a">Binding: Pasteboards originally covered in brown leather, seen on fore-edge, spine, and turn-ins with paper impressed on the tooled leather (see upper and lower covers as well as envelope flap) ; Type II binding (with flap) ; original leather blind-tooled, with florets and horizontal bars ; repairs/secondary binding in leather seen on spine and turn-ins ; sewn in cream thread, four sewing stations ; endbands in mustard and light green ; in poor condition with red rot and abrasion on all corners, head of fore-edge flap missing, and pasteboards delaminating ; vertical crack down front board, old repair with strip of laid paper.</subfield></datafield><datafield tag="500" ind1=" " ind2=" "><subfield code="a">Support: European and non-European (Arab) laid paper ; early quires in European paper with bow and arrow watermark (see p.62, 64, etc. corresponding with Inventory J 340, Piccard watermark collection No. 123436), laid lines spaced roughly 7 laid lines per cm. and chain lines (vertical) roughly 38 mm. apart ; others in European paper having tower with three merlons watermark (see p.71, 74, etc. very similar to Inventory J 340, Piccard watermark collection, No. 100313 but earlier production thereof), laid lines spaced roughly 8-9 laid lines per cm. and chain lines (vertical) difficult to see but spaced roughly 35-40 mm. apart ; non-European (Arab) laid paper for the mid to latter quires, with some arrangement of groups of threes and twos or groups of three (see p.158), roughly 11 mm. between the chains and roughly 43 mm. between the groups ; some pages breaking along chain lines (stabilized by previous conservator with laid paper, cream colored, water-soluble adhesive ; current conservation with Japanese paper and sodium CMC) ; iron gall ink of main text with minor flaking and some ink burn on some pages.</subfield></datafield><datafield tag="500" ind1=" " ind2=" "><subfield code="a">Decoration: A few textual dividers in the form of inverted commas ; one page (p.48) ruled with red rule-border ; diagram in margin of p.84 ; text rubricated with chapter headings, section breaks "فصل", sigla, textual dividers, etc. in red.</subfield></datafield><datafield tag="500" ind1=" " ind2=" "><subfield code="a">Script: Naskh ; clear Syrian or Egyptian (?) hand ; mainly sans serif but right-sloping head serifs appearing occasionally on lām, free-standing alif, etc. ; kāf mashkūlah preferred ; mostly closed counters ; interesting lām alif ligature where letters form a kind of loop ; text of p.69-70 supplied later in a different hand, also a naskh seemingly imitating the main hand ; glosses in at least three hands.</subfield></datafield><datafield tag="500" ind1=" " ind2=" "><subfield code="a">Layout: Written in 11 lines per page ; frame-ruled.</subfield></datafield><datafield tag="500" ind1=" " ind2=" "><subfield code="a">Collation: i, II(4), I(6), 3 IV(30), V(40), 7 IV(96), II(100), III(106), I+1(109), i; chiefly quaternions ; catchwords present ; pagination in pencil, Western numerals, supplied during digitization (flyleaves and inserts included in pagination).</subfield></datafield><datafield tag="500" ind1=" " ind2=" "><subfield code="a">Colophon: "Scribal," mainly triangular, reads: "تمت بعون الله تعالى و حسن توقيفه و صلى الله على سيدنا محمد و اله اجمعين و صحبه الطاهرين اجمعين و الله اعلم بالصواب كتبه على [كذا] عبد الضعيف المذنب المحتاج الى رحمة الله تعالى علي بن خليل بن امين بن زكريا بن عيسى بن فدا سلمان [؟] غفر الله له و لواديه و لجميع المسلمين و المسلمات امين يا رب العالمين تم تاريخ سنة اربع ثمانمائة"</subfield></datafield><datafield tag="500" ind1=" " ind2=" "><subfield code="a">Explicit: "ولا يدخل مولى الموالاة ولا مولى المولى الا عند عدمهم وان كان له موال اعتقوه وموال واعتقهم فهي باطلة"</subfield></datafield><datafield tag="500" ind1=" " ind2=" "><subfield code="a">Incipit: "الحمد لله على جزيل نعمائه احمده على جليل الاية [كذا] و اشكره على جميل بلائه و اشهد ان لا اله الا هو شهادة اعدها ليوم لقائه [كلمات مشطوبة: "اشهد ان لا اله الا"] ان محمدا عبده و رسوله سيد رسله … وبعد فطلب مني الي من وجب جوابه على ان اجمع له مختصرا على مذهب الامام ابى حنيفة … و سيمته الدختار للفتوى … كتاب الطهارة من اراد الصلوة و هو محدث فليتوضا"</subfield></datafield><datafield tag="500" ind1=" " ind2=" "><subfield code="a">Title supplied by cataloguer.</subfield></datafield><datafield tag="500" ind1=" " ind2=" "><subfield code="a">Ms. codex.</subfield></datafield><datafield tag="510" ind1="4" ind2=" "><subfield code="a">Ḥājjī Khalīfah. Kashf al-ẓunūn,</subfield><subfield code="c">v 436, no.11585</subfield></datafield><datafield tag="510" ind1="4" ind2=" "><subfield code="a">Brockelmann, C. GAL,</subfield><subfield code="c">I, 382.</subfield></datafield><datafield tag="520" ind1="8" ind2=" "><subfield code="a">Early copy of Abū al-Faḍl ʻAbd Allāh ibn Maḥmūd ibn Mawdūd al-Mawṣilī al-Buldajī’s (d. 683/1284) compendium of Ḥanafī legal decisions. See Isl. Ms. 542 and Isl. Ms. 543 for other ms. copies of this work. Description provided mainly by Sarah Mirza.</subfield></datafield><datafield tag="538" ind1=" " ind2=" "><subfield code="a">Mode of access: Internet.</subfield></datafield><datafield tag="541" ind1=" " ind2=" "><subfield code="c">Purchase ;</subfield><subfield code="a">Acquired by purchase along with Abdul Hamid Collection (funds donated by Horace Rackham).</subfield><subfield code="d">1924.</subfield></datafield><datafield tag="546" ind1=" " ind2=" "><subfield code="a">Arabic.</subfield></datafield><datafield tag="561" ind1=" " ind2=" "><subfield code="a">Bookplate of British Museum, London on inner front cover,"British Museum, London. No. 114. Al-Mukhtar li 'l-fatwa." ; circular seal impression with figure of goat/gazelle in purple ink as well as inscription "182" in Western numerals on front flyleaf verso ; on paper (tinted) pasted on fol.1a (p.3), a detailed waqf statement in the name of al-Sayyid ʻAbd Allāh Adīb (Abdullah Edip), known as Jannatʹzādah (Cennet-zade), qāḍī of Erzurum, accompanied by his seal, reads: "وقفت وقفا صحيحا شرعيا بشرط ان لا يخرج من بيت الكتب الملتصق بداري الا لعلماء سكنوا بارضروم بكفيل مرعى اورهن قوي وانا الفقير السيد عبد الله اديب الشهير بجنت زاده في سنة اثنى وستين ومائتين والف" ; numerous marginal corrections and interlinear corrections throughout ; grammatical explanation in black ink on interior of upper cover ; marginal glosses in black ink throughout ; additional matter such as fatāwa statements on front and back flyleaves.</subfield></datafield><datafield tag="650" ind1=" " ind2="0"><subfield code="a">Manuscripts, Arabic</subfield><subfield code="z">Michigan</subfield><subfield code="z">Ann Arbor.</subfield></datafield><datafield tag="650" ind1=" " ind2="0"><subfield code="a">Hanafites</subfield><subfield code="v">Early works to 1800.</subfield></datafield><datafield tag="650" ind1=" " ind2="0"><subfield code="a">Islamic law</subfield><subfield code="v">Early works to 1800.</subfield></datafield><datafield tag="700" ind1="0" ind2=" "><subfield code="6">880-05</subfield><subfield code="a">ʻAlī ibn Khalīl ibn Amīn ibn Zakarīyā ibn ʻĪsá ibn Farrā Sulaymān,</subfield><subfield code="d">fl. 1401 or 2,</subfield><subfield code="e">scribe.</subfield></datafield><datafield tag="773" ind1="0" ind2=" "><subfield code="a">Tiflis Collection.</subfield></datafield><datafield tag="880" ind1="0" ind2=" "><subfield code="6">700-05/</subfield><subfield code="a">علي بن خليل بن امين بن زكريا بن عيسى بن فرا سليمان,</subfield><subfield code="e">ناسخ.</subfield></datafield><datafield tag="880" ind1="3" ind2=" "><subfield code="6">246-03/</subfield><subfield code="a">كتاب المختار</subfield></datafield><datafield tag="880" ind1="1" ind2="2"><subfield code="6">245-02/</subfield><subfield code="a">المختار للفتوى,</subfield><subfield code="f">[804ه, 1401 أو 1402م].</subfield></datafield><datafield tag="880" ind1="1" ind2=" "><subfield code="6">100-01/</subfield><subfield code="a">.موصلي، عبد الله بن محمود</subfield></datafield><datafield tag="CID" ind1=" " ind2=" "><subfield code="a">006305563</subfield></datafield><datafield tag="DAT" ind1="0" ind2=" "><subfield code="a">20190719102634.0</subfield><subfield code="b">20190719000000.0</subfield></datafield><datafield tag="DAT" ind1="1" ind2=" "><subfield code="a">20190719090653.0</subfield><subfield code="b">2019-07-19T16:11:15Z</subfield></datafield><datafield tag="DAT" ind1="2" ind2=" "><subfield code="a">2015-10-02T18:00:03Z</subfield></datafield><datafield tag="CAT" ind1=" " ind2=" "><subfield code="a">SDR-MIU</subfield><subfield code="d">EX LIBRIS - ALEPH</subfield><subfield code="l">prepare.pl-004-008</subfield></datafield><datafield tag="FMT" ind1=" " ind2=" "><subfield code="a">BK</subfield></datafield><datafield tag="HOL" ind1=" " ind2=" "><subfield code="0">sdr-miu006305563</subfield><subfield code="a">MiU</subfield><subfield code="b">SDR</subfield><subfield code="c">MIU</subfield><subfield code="p">mdp.39015079124916</subfield><subfield code="s">MIU</subfield><subfield code="1">006305563</subfield></datafield><datafield tag="974" ind1=" " ind2=" "><subfield code="b">MIU</subfield><subfield code="c">MIU</subfield><subfield code="d">20190719</subfield><subfield code="s">lit-dlps-dc</subfield><subfield code="u">mdp.39015079124916</subfield><subfield code="y">1402</subfield><subfield code="r">pd</subfield><subfield code="q">bib</subfield><subfield code="t">non-US bib date2 &lt; 1879</subfield></datafield></record></collection>